<?xml version="1.0" encoding="UTF-8"?><record xmlns="http://www.loc.gov/MARC21/slim" xmlns:cinclude="http://apache.org/cocoon/include/1.0" xmlns:zs="http://www.loc.gov/zing/srw/">
  <leader>00473cz  a2200133n  4500</leader>
  <controlfield tag="001">n  85279225 </controlfield>
  <controlfield tag="003">DLC</controlfield>
  <controlfield tag="005">20080613075226.0</controlfield>
  <controlfield tag="008">860709n| acannaabn          |n ana      </controlfield>
  <datafield tag="010" ind1=" " ind2=" ">
    <subfield code="a">n  85279225 </subfield>
  </datafield>
  <datafield tag="035" ind1=" " ind2=" ">
    <subfield code="a">(OCoLC)oca01653352</subfield>
  </datafield>
  <datafield tag="040" ind1=" " ind2=" ">
    <subfield code="a">DNLM</subfield>
    <subfield code="b">eng</subfield>
    <subfield code="c">DLC</subfield>
    <subfield code="d">DLC</subfield>
    <subfield code="d">OCoLC</subfield>
  </datafield>
  <datafield tag="110" ind1="2" ind2=" ">
    <subfield code="a">Queen's Medical Centre (Nottingham, England).</subfield>
    <subfield code="b">University Hospital</subfield>
  </datafield>
  <datafield tag="670" ind1=" " ind2=" ">
    <subfield code="a">Giarelli, L. Colour atlas of pathology, 1986:</subfield>
    <subfield code="b">CIP t.p. (University Hospital, Queen's Medical Centre, Nottingham, UK)</subfield>
  </datafield>
</record>